@book{Lovasz:2013:A,
	Author = {L. Lov\'asz},
	Date-Added = {2013-05-23 10:13:50 -0400},
	Date-Modified = {2013-05-23 10:15:09 -0400},
	Publisher = {American Mathematical Society},
	Title = {Large Networks and Graph Limits},
	Year = {2013}}

@ARTICLE{Orbanz_Roy_Exchangeable_Struct, 
author={Orbanz, P. and Roy, D.M.}, 
journal={Pattern Analysis and Machine Intelligence, IEEE Transactions on}, 
title={Bayesian Models of Graphs, Arrays and Other Exchangeable Random Structures}, 
year={2015}, 
volume={37}, 
number={2}, 
pages={437-461}, 
month={Feb}}

@ARTICLE{Veitch:Roy:2015,
   author = {{Veitch}, V. and {Roy}, D.~M.},
    title = "{The Class of Random Graphs Arising from Exchangeable Random Measures}",
  journal = {ArXiv e-prints},
archivePrefix = "arXiv",
   eprint = {1512.03099},
 primaryClass = "math.ST",
 keywords = {Mathematics - Statistics Theory, Computer Science - Social and Information Networks, Mathematics - Combinatorics},
     year = 2015,
    month = dec,
   adsurl = {http://adsabs.harvard.edu/abs/2015arXiv151203099V},
  adsnote = {Provided by the SAO/NASA Astrophysics Data System}
}

@ARTICLE{Borgs:Chayes:Cohn:Zhao:2014:sgc2,
   author = {{Borgs}, C. and {Chayes}, J.~T. and {Cohn}, H. and {Zhao}, Y.
	},
    title = "{An \$L\^{}p\$ theory of sparse graph convergence II: LD convergence, quotients, and right convergence}",
  journal = {ArXiv e-prints},
archivePrefix = "arXiv",
   eprint = {1408.0744},
 primaryClass = "math.CO",
 keywords = {Mathematics - Combinatorics, Mathematics - Probability},
     year = 2014,
    month = aug,
   adsurl = {http://adsabs.harvard.edu/abs/2014arXiv1408.0744B},
  adsnote = {Provided by the SAO/NASA Astrophysics Data System}
}

@ARTICLE{Borgs:Chayes:Cohn:Zhao:2014:sgc1,
   author = {{Borgs}, C. and {Chayes}, J.~T. and {Cohn}, H. and {Zhao}, Y.
	},
    title = "{An \$L\^{}p\$ theory of sparse graph convergence I: limits, sparse random graph models, and power law distributions}",
  journal = {ArXiv e-prints},
archivePrefix = "arXiv",
   eprint = {1401.2906},
 primaryClass = "math.CO",
 keywords = {Mathematics - Combinatorics, Mathematics - Probability},
     year = 2014,
    month = jan,
   adsurl = {http://adsabs.harvard.edu/abs/2014arXiv1401.2906B},
  adsnote = {Provided by the SAO/NASA Astrophysics Data System}
}

